@misc {raynet,
    title   = "Představujeme RAYNET - nejoblíbenější cloudové CRM v ČR",
    url     = "https://raynet.cz/cloud-crm/",
    author  = "RAYNET{\ }s.r.o.",
    year    = "© 2018",
    urldate = "2018-03-26"
}

@misc {crm,
    title   = "Co je CRM",
    urldate = "2018-03-26",
    url     = "http://www.adaptic.cz/znalosti/slovnicek/crm/",
    year    = "© 2005–2018",
    author  = "Jan Štráfelda",
    sortyear = 2018
}

@misc {mvc-cz1,
    title   = "MVC architektura",
    urldate = "2018-03-28",
    year    = "© 2018",
    url     = "https://www.itnetwork.cz/navrh/mvc-architektura-navrhovy-vzor",
    author  = "David Čápka"
}

@misc {mvc-cz2,
    title   = "Architektura MVC",
    urldate = "2018-03-28",
    url     = "http://jakpsatphp.cz/MVC/",
    author  = "Tomáš Klíma",
    year    = 2017
}

@misc {mvc-medium1,
    title   = "Why MVC Architecture?",
    urldate = "2018-03-28",
    url     = "https://medium.com/@socraticsol/why-mvc-architecture-e833e28e0c76",
    author  = "Socratic{\ }Solution",
    year    = 2017
}

@misc {mvc-1,
    title   = "Six benefits of using MVC model for effective web application development",
    urldate = "2018-03-28",
    url     = "https://www.brainvire.com/six-benefits-of-using-mvc-model-for-effective-web-application-development/",
    author  = "Brainvire",
    year    = 2016
}

@misc {mvc-2,
    title   = "This Is Why MVC Is The Most Popular Approach For Building ASP.NET Solutions",
    urldate = "2018-03-28",
    url     = "http://www.software-developer-india.com/this-is-why-mvc-is-the-most-popular-approach-for-building-asp-net-solutions/",
    author  = "Reema Oamkumar",
    year    = 2016
}

@misc {django-docs-mvp,
    title   = "Django appears to be a MVC framework, but you call the Controller the “view”, and the View the “template”. How come you don’t use the standard names?",
    urldate = "2018-03-28",
    url     = "https://docs.djangoproject.com/en/2.0/faq/general/\#django-appears-to-be-a-mvc-framework-but-you-call-the-controller-the-view-and-the-view-the-template-how-come-you-don-t-use-the-standard-names",
    year    = "© 2005–2018",
    author  = "Django"
}

@misc {django2,
    title   = "Django 2.0 released",
    urldate = "2018-03-28",
    url     = "https://www.djangoproject.com/weblog/2017/dec/02/django-20-released/",
    year    = "2017",
    author  = "Tim Graham"
}

@misc {django-mvp2,
    title   = "Django Overview",
    urldate = "2018-03-28",
    url     = "https://www.tutorialspoint.com/django/django_overview.htm",
    year    = "© 2018",
    author  = "Tutorials{\ }Point"
}

@misc {single-responsibility,
    title   = "Single Responsibility Principle",
    urldate = "2018-03-28",
    url     = "http://www.oodesign.com/single-responsibility-principle.html",
    author  = "oodesign"
}

@misc {mvc-frontend,
    title   = "Is Model-View-Controller dead on the front end?",
    urldate = "2018-03-28",
    url     = "https://medium.freecodecamp.org/is-mvc-dead-for-the-frontend-35b4d1fe39ec",
    year    = "2016",
    author  = "Alex Moldovan"
}

@misc {cba1,
    title   = "6 Reasons for Employing Component based UI Development",
    urldate = "2018-03-28",
    url     = "https://www.tandemseven.com/technology/6-reasons-component-based-ui-development/",
    year    = "© 2017",
    author  = "Damien Scott and Mundi Morgado"
}

@misc {cba2,
    title   = "3 Reasons Why You Should Invest in a Component-based Architecture",
    urldate = "2018-03-28",
    url     = "https://www.outsystems.com/blog/3-reasons-invest-component-based-architecture.html",
    year    = "2017",
    author  = "Francisco Afonso"
}

@misc {cba3,
    title   = "Component Based Architecture",
    urldate = "2018-03-28",
    url     = "https://www.uplift.agency/blog/posts/2016/05/component-based-architecture",
    year    = "© 2018",
    author  = "Marius Craciunoiu"
}

@misc {mvw,
    title   = "MVC vs MVVM vs MVP",
    urldate = "2018-03-28",
    url     = "https://plus.google.com/+IgorMinar/posts/DRUAkZmXjNV",
    year    = "2012",
    author  = "Igor Minar"
}

@misc {scripting-simpleis,
    title   = "How to Work With AJAX Request With Django",
    urldate = "2018-03-29",
    url     = "https://simpleisbetterthancomplex.com/tutorial/2016/08/29/how-to-work-with-ajax-request-with-django.html",
    year    = "2016",
    author  = "Vitor Freitas"
}

@misc {scripting-sqa,
    title   = "Differences between Client-side and Server-side Scripting",
    urldate = "2018-03-29",
    url     = "https://www.sqa.org.uk/e-learning/ClientSide01CD/page_18.htm",
    year    = "© 2007",
    author  = "SQA"
}

@misc {scripting-fasthosts,
    title   = "Client-side vs server-side scripting",
    urldate = "2018-03-29",
    url     = "https://www.fasthosts.co.uk/blog/websites/client-side-vs-server-side-scripting",
    year    = "2017",
    author  = "Neal Thoms"
}

@misc {scripting-freecodecamp,
    title   = "Client-side vs. server-side rendering: why it’s not all black and white",
    urldate = "2018-03-29",
    url     = "https://medium.freecodecamp.org/what-exactly-is-client-side-rendering-and-hows-it-different-from-server-side-rendering-bd5c786b340d",
    year    = "2017",
    author  = "Juan Vega"
}

@misc {moderni-webapps,
    title   = "Vývoj skriptovacích jazyků pro vývoj internetových aplikací",
    urldate = "2018-03-29",
    url     = "https://www.fi.muni.cz/usr/jkucera/pv109/2003/xbilek2.htm",
    year    = "2003",
    author  = "Lubor Bílek"
}

@misc {moderni-webapps2,
    title   = "The Evolution of Web Technologies",
    urldate = "2018-03-29",
    url     = "https://www.eploy.co.uk/about-eploy/theblog/may-2012/the-evolution-of-web-technologies/",
    year    = "2012",
    author  = "Chris Bogh"
}

@misc {scripting-upwork,
    title   = "Front-End Web Development: Client-Side Scripting \& User Experience",
    urldate = "2018-03-29",
    url     = "https://www.upwork.com/hiring/development/how-scripting-languages-work/",
    author  = "Carey Wodehouse"
}

@misc {scripting-hackernoon,
    title   = "Next.js — React Server Side Rendering Done Right",
    urldate = "2018-03-29",
    url     = "https://hackernoon.com/next-js-react-server-side-rendering-done-right-f9700078a3b6",
    year    = "2017",
    author  = "Indrek Lasn"
}

@misc {scripting-ytb,
    title   = "Server-side Rendering React from Scratch! (Server-side Rendering with JavaScript Frameworks)",
    urldate = "2018-03-29",
    url     = "https://youtu.be/82tZAPMHfT4?t=11m33s",
    year    = "2017",
    author  = "David East"
}

@misc {scripting-chyby,
    title   = "Point of Server-Side Rendered JavaScript Apps",
    urldate = "2018-03-29",
    url     = "https://tomdale.net/2015/02/youre-missing-the-point-of-server-side-rendered-javascript-apps/",
    year    = "2015",
    author  = "Tom Dale"
}

@misc {scripting-benchmark,
    title   = "The Benefits of Server Side Rendering Over Client Side Rendering",
    urldate = "2018-03-29",
    url     = "https://medium.com/walmartlabs/the-benefits-of-server-side-rendering-over-client-side-rendering-5d07ff2cefe8",
    year    = "2017",
    author  = "Alex Grigoryan"
}

@misc {seo,
    title   = "Marek Prokop: SEO není optimalizace pro vyhledávače",
    urldate = "2018-03-29",
    url     = "https://www.zdrojak.cz/clanky/marek-prokop-seo-neni-optimalizace-pro-vyhledavace/",
    year    = "2009",
    author  = "Martin Hassman"
}

@misc {spa1,
    title   = "Single-page application vs. multiple-page application",
    urldate = "2018-03-29",
    url     = "https://medium.com/@NeotericEU/single-page-application-vs-multiple-page-application-2591588efe58",
    year    = "2016",
    author  = "Neoteric"
}

@misc {spa2,
    title   = "Ultimate DEATH Match: SPA Vs. MPA",
    urldate = "2018-03-29",
    url     = "https://codeburst.io/ultimate-death-match-spa-vs-mpa-82e0b79ae6b6",
    year    = "2018",
    author  = "Shilpa Jain"
}

@misc {api1,
    title   = "Web Application Architecture from 10,000 Feet, Part 1 – Client-Side vs. Server-Side",
    urldate = "2018-03-30",
    url     = "https://spin.atomicobject.com/2015/04/06/web-app-client-side-server-side/",
    year    = "2015",
    author  = "Mel Klimushyn"
}

@misc {api3,
    title   = "What is a REST API?",
    urldate = "2018-03-30",
    url     = "https://www.mulesoft.com/resources/api/what-is-rest-api-design",
    year    = "© 2018",
    author  = "MuleSoft"
}

@misc {api2,
    title   = "The advantage of APIs",
    urldate = "2018-03-30",
    url     = "https://www.jisc.ac.uk/guides/the-advantage-of-apis",
    year    = "2012",
    author  = "Andy McGregor and David Flanders and Malcolm Ramsey"
}

@misc {api4,
    title   = "Stopařův průvodce REST API",
    urldate = "2018-03-30",
    url     = "https://www.itnetwork.cz/nezarazene/stoparuv-pruvodce-rest-api",
    author  = "Drahomír Hanák"
}

@misc {api5,
    title   = "REST: architektura pro webové API",
    urldate = "2018-03-30",
    url     = "https://www.zdrojak.cz/clanky/rest-architektura-pro-webove-api/",
    year    = "2009",
    author  = "Martin Malý"
}

@misc {api6,
    title   = "JSON : jednotný formát pro výměnu dat",
    urldate = "2018-03-30",
    url     = "https://www.zdrojak.cz/clanky/json-jednotny-format-pro-vymenu-dat/",
    year    = "2008",
    author  = "Martin Hassman"
}

@misc {ux,
    title   = "User Experience: What Is It And Why Should I Care?",
    urldate = "2018-03-30",
    url     = "https://usabilitygeek.com/user-experience/",
    year    = "2013",
    author  = "Amy Harvey"
}

@misc {technologie1,
    title   = "How to Choose a Technology Stack for Web Application Development",
    urldate = "2018-03-30",
    url     = "https://rubygarage.org/blog/technology-stack-for-web-development",
    year    = "© 2011-2018",
    author  = "Vlad Vorobiov and Gleb Bryksin"
}

@misc {technologie2,
    title   = "9 Steps: Choosing a tech stack for your web application",
    urldate = "2018-03-30",
    url     = "https://medium.com/unicorn-supplies/9-steps-how-to-choose-a-technology-stack-for-your-web-application-a6e302398e55",
    year    = "2017",
    author  = "Jens Neuhaus"
}

@misc {technologie-c++,
    title   = "When CppCMS Should Be Used.",
    urldate = "2018-03-30",
    url     = "http://cppcms.com/wikipp/en/page/when_to_use_cppcms",
    author  = "CppCMS"
}

@misc {html1,
    title   = "HTML Introduction",
    urldate = "2018-04-01",
    url     = "https://www.w3schools.com/html/html_intro.asp",
    year    = "© 1999-2018",
    author  = "W3Schools"
}

@misc {html2,
    title   = "Webdesignérův průvodce po HTML5 – díl nultý",
    urldate = "2018-04-01",
    url     = "https://www.zdrojak.cz/clanky/webdesigneruv-pruvodce-po-html5-dil-nulty/",
    year    = "2010",
    author  = "Jan Sládek"
}

@misc {html3,
    title   = "how well does your browser support HTML5?",
    urldate = "2018-04-01",
    url     = "https://html5test.com/results/desktop.html",
    author  = "HTML5test"
}

@misc {css1,
    title   = "Support tables for HTML5, CSS3, etc",
    urldate = "2018-04-01",
    url     = "https://caniuse.com/\#comparison",
    author  = "Can{\ }I{\ }use"
}

@misc {css2,
    title   = "CSS Tutorial",
    urldate = "2018-04-01",
    url     = "https://www.w3schools.com/css/default.asp",
    year    = "© 1999-2018",
    author  = "W3Schools"
}

@misc {css3,
    title   = "CSS vs. CSS3: New Features in the Evolving Visual Language of the Web",
    urldate = "2018-04-01",
    url     = "https://www.upwork.com/hiring/development/css-vs-css3/",
    year    = "© 2015 - 2018",
    author  = "Carey Wodehouse"
}

@misc {js1,
    title   = "JavaScript - z prohlížeče do operačního systému",
    urldate = "2018-04-01",
    url     = "https://www.ackee.cz/blog/javascript\%E2\%80\%8A-\%E2\%80\%8Az-prohlizece-do-operacniho-systemu/",
    year    = "2017",
    author  = "Marek Janča"
}

@misc {webpack-ackee,
    title   = "Webpack – moderní Web Development",
    urldate = "2018-04-24",
    url     = "https://www.ackee.cz/blog/moderni-web-development-webpack/",
    year    = "2017",
    author  = "Marek Janča"
}

@misc {js2,
    title   = "Writing a Job Description to Find a Great JavaScript Developer",
    urldate = "2018-04-01",
    url     = "https://www.upwork.com/hiring/development/javascript-developer-job-description/",
    year    = "© 2015 - 2018",
    author  = "Yoshitaka Shiotsu"
}

@misc {js3,
    title   = "Writing a Job Description to Find a Great JavaScript Developer",
    urldate = "2018-04-01",
    url     = "https://flaviocopes.com/ecmascript/",
    year    = "2018",
    author  = "Flavio Copes"
}

@misc {js4,
    title   = "Elm – Hello world on the map – úvod",
    urldate = "2018-04-01",
    url     = "https://www.zdrojak.cz/clanky/elm-uvod/",
    year    = "2016",
    author  = "Petr Bolf"
}

@misc {js5,
    title   = "CoffeeScript vs. TypeScript vs. Dart",
    urldate = "2018-04-01",
    url     = "https://codeforhire.com/2013/06/18/coffeescript-vs-typescript-vs-dart/",
    year    = "2013",
    author  = "Sampo Juustila"
}

@misc {js6,
    title   = "What Is JSX?",
    urldate = "2018-04-01",
    url     = "https://codeforhire.com/2013/06/18/coffeescript-vs-typescript-vs-dart/",
    year    = "2017",
    author  = "Cody Lindley"
}

@misc {angular1,
    title   = "What’s the difference between AngularJS and Angular?",
    urldate = "2018-04-01",
    url     = "https://gorrion.io/blog/angularjs-vs-angular/",
    year    = "2017",
    author  = "Michał Dziwoki"
}

@misc {angular2,
    title   = "Why Angular 2 (4, 5, 6) suc*s",
    urldate = "2018-04-01",
    url     = "https://medium.com/dirtyjs/why-angular-2-4-5-6-sucks-afb36567ad68",
    year    = "2017",
    author  = "Artem Golovin"
}

@misc {js-fw1,
    title   = "Why we moved from Angular 2 to Vue.js (and why we didn’t choose React)",
    urldate = "2018-04-01",
    url     = "https://medium.com/reverdev/why-we-moved-from-angular-2-to-vue-js-and-why-we-didnt-choose-react-ef807d9f4163",
    year    = "2017",
    author  = "Luis Elizondo"
}

@misc {js-fw2,
    title   = "Angular vs. React vs. Vue: A 2017 comparison",
    urldate = "2018-04-01",
    url     = "https://medium.com/unicorn-supplies/angular-vs-react-vs-vue-a-2017-comparison-c5c52d620176",
    year    = "2017",
    author  = "Jens Neuhaus"
}

@misc {hot-frameworks,
    title   = "Web framework rankings",
    urldate = "2018-04-01",
    url     = "http://hotframeworks.com/",
    author  = "HotFrameworks"
}

@misc {js-fw3,
    title   = "React.js Conf 2015 – Co musíte vědět",
    urldate = "2018-04-01",
    url     = "https://www.zdrojak.cz/clanky/react-js-conf-2015-co-musite-vedet/",
    year    = "2015",
    author  = "Daniel Steigerwald"
}

@misc {js-fw4,
    title   = "Will Vue.js Become a Giant Like Angular or React?",
    urldate = "2018-04-01",
    url     = "https://10clouds.com/blog/vuejs-angular-react/",
    year    = "2017",
    author  = "Bartosz Bilejczyk"
}

@misc {js-fw5,
    title   = "The Best JS Frameworks for Front End",
    urldate = "2018-04-01",
    url     = "https://rubygarage.org/blog/best-javascript-frameworks-for-front-end",
    year    = "© 2011-2018",
    author  = "Sviatoslav Andrushko"
}

@misc {realworld,
    title   = "Introducing RealWorld",
    urldate = "2018-04-01",
    url     = "https://medium.com/@ericsimons/introducing-realworld-6016654d36b5",
    year    = "2017",
    author  = "Eric Simons"
}

@misc {realworld-git,
    title   = "Introducing RealWorld",
    urldate = "2018-04-01",
    url     = "https://github.com/gothinkster/realworld",
    year    = "2018",
    author  = "Thinkster"
}

@misc {react,
    title   = "A JavaScript library for building user interfaces",
    urldate = "2018-04-01",
    url     = "https://reactjs.org/",
    year    = "© 2018",
    author  = "React"
}

@misc {trends-google,
    title   = "Trendy Google",
    urldate = "2018-04-01",
    url     = "https://trends.google.com/trends/",
    author  = "Google"
}

@misc {tech-python1,
    title   = "Python z pohledu PHP programátora",
    urldate = "2018-04-01",
    url     = "https://blog.milde.cz/post/305-python-z-pohledu-php-programatora/",
    year    = "©2007-2015",
    author  = "Daniel Milde"
}

@misc {tech-python2,
    title   = "PHP or Python — Which Language Should You Learn in 2017",
    urldate = "2018-04-01",
    url     = "https://hackernoon.com/php-or-python-which-language-should-you-learn-in-2017-3ced1fd75ee2",
    year    = "2017",
    author  = "Cloudways"
}

@misc {tech-ruby1,
    title   = "Ruby",
    urldate = "2018-04-01",
    url     = "https://www.itnetwork.cz/programovani/ruby",
    year    = "© 2018",
    author  = "itnetwork"
}

@misc {tech-python3,
    title   = "PHP vs Python in 2018?",
    urldate = "2018-04-01",
    url     = "https://www.killerphp.com/articles/php-vs-python-in-2018/",
    year    = "2017",
    author  = "Stefan Mischook"
}

@misc {tech-php1,
    title   = "Usage of server-side programming languages for websites",
    urldate = "2018-04-01",
    url     = "https://w3techs.com/technologies/overview/programming_language/all",
    year    = "© 2009-2018",
    author  = "W3Techs"
}

@misc {tech-php2,
    title   = "Choosing the Right Back-end Technology for your Business",
    urldate = "2018-04-01",
    url     = "https://www.marutitech.com/back-end-technology/",
    year    = "© 2018",
    author  = "Maruti{\ }Techlabs"
}

@misc {tech1,
    title   = "Web Development and Design",
    urldate = "2018-04-01",
    url     = "https://artandlogic.com/web-development/",
    year    = "© 2018",
    author  = "Art+Logic"
}

@misc {tech2,
    title   = "Which is Best for Web Application Development—Dot Net, PHP, Python, Ruby, or Java",
    urldate = "2018-04-01",
    url     = "https://www.addonsolutions.com/blog/which-is-best-for-web-application-development-dot-net-php-python-ruby-or-java.html",
    year    = "2016",
    author  = "Suraj Gupta"
}

@misc {tech-ruby2,
    title   = "Ruby on Rails? Děkuji, nechci.",
    urldate = "2018-04-01",
    url     = "https://phpfashion.com/ruby-on-rails-dekuji-nechci",
    year    = "2007",
    author  = "David Grudl"
}

@misc {tech-php3,
    title   = "»Why Does PHP S*ck?«",
    urldate = "2018-04-01",
    url     = "https://whydoesitsuck.com/why-does-php-suck/",
    year    = "2014",
    author  = "R.B."
}

@misc {tech-python4,
    title   = "Python on the Web: Why Frameworks Like Django Are Hot",
    urldate = "2018-04-01",
    url     = "https://www.sitepoint.com/python-on-the-web/",
    year    = "2016",
    author  = "Shaumik Daityari"
}

@misc {tech-python5,
    title   = "Flask vs. Django: Why Flask Might Be Better",
    urldate = "2018-04-01",
    url     = "https://www.codementor.io/garethdwyer/flask-vs-django-why-flask-might-be-better-4xs7mdf8v",
    year    = "2017",
    author  = "Gareth Dwyer"
}

@misc {tech-python6,
    title   = "What’s New In Python 3.0",
    urldate = "2018-04-01",
    url     = "https://docs.python.org/release/3.0.1/whatsnew/3.0.html",
    year    = "2009",
    author  = "Guido van Rossum"
}

@misc {tech-node1,
    title   = "Node.js S*cks! Here's Why",
    urldate = "2018-04-01",
    url     = "https://kaushalsubedi.com/blog/2014/10/15/node-js-sucks-heres-why/",
    year    = "2014",
    author  = "Kaushal Subedi"
}

@misc {tech-node2,
    title   = "Node.js web application framework",
    urldate = "2018-04-01",
    url     = "https://expressjs.com/",
    year    = "© 2017",
    author  = "Express"
}

@misc {stack-stats17,
    title   = "Developer Survey Results 2017",
    urldate = "2018-04-01",
    url     = "https://insights.stackoverflow.com/survey/2017",
    author  = "Stack{\ }Overflow"
}

@misc {stack-stats18,
    title   = "Developer Survey Results 2018",
    urldate = "2018-04-01",
    url     = "https://insights.stackoverflow.com/survey/2018",
    author  = "Stack{\ }Overflow"
}

@misc {tech-java1,
    title   = "The 10 Best Java Web Frameworks for 2018",
    urldate = "2018-04-01",
    url     = "https://www.dailyrazor.com/blog/best-java-web-frameworks/",
    year    = "2018",
    author  = "DailyRazor"
}

@misc {tech-java2,
    title   = "Build Modern \& Scalable Web Apps with Java and Scala",
    urldate = "2018-04-01",
    url     = "https://www.playframework.com/",
    author  = "Play{\ }Framework"
}

@misc {tech-csharp1,
    title   = "MVC 6 neexistuje! Ať žije ASP.NET Core!",
    urldate = "2018-04-01",
    url     = "https://www.miroslavholec.cz/blog/mvc-6-neexistuje-at-zije-aspnet-core",
    year    = "2017",
    author  = "Miroslav Holec"
}

@misc {tech-csharp2,
    title   = "Introduction to the C# Language and the .NET Framework",
    urldate = "2018-04-01",
    url     = "https://docs.microsoft.com/cs-cz/dotnet/csharp/getting-started/introduction-to-the-csharp-language-and-the-net-framework",
    year    = "2015",
    author  = "Microsoft"
}

@misc {tech-csharp3,
    title   = "ASP.NET is almost certainly the wrong technology for your project",
    urldate = "2018-04-01",
    url     = "http://www.jimmyweb.net/insights/aspnet-is-almost-certainly-the-wrong-technology-for-your-website-project/",
    year    = "© 2003-2018",
    author  = "Jimmyweb"
}

@misc {jetbrains-stats,
    title   = "The State of Developer Ecosystem in 2017",
    urldate = "2018-04-01",
    url     = "https://www.jetbrains.com/research/devecosystem-2017/",
    year    = "© 2000–2018",
    author  = "Jetbrains"
}

@misc {db1,
    title   = "What is MySQL?",
    urldate = "2018-04-02",
    url     = "https://dev.mysql.com/doc/refman/5.7/en/what-is-mysql.html",
    year    = "© 2018",
    author  = "MySQL"
}

@misc {db2,
    title   = "SQLite As An Application File Format",
    urldate = "2018-04-02",
    url     = "https://www.sqlite.org/appfileformat.html",
    author  = "SQLite"
}

@misc {db3,
    title   = "PostgreSQL: About",
    urldate = "2018-04-02",
    url     = "https://www.postgresql.org/about/",
    year    = "© 1996-2018",
    author  = "PostgreSQL"
}

@misc {db4,
    title   = "What is MongoDB?",
    urldate = "2018-04-02",
    url     = "https://www.mongodb.com/what-is-mongodb",
    year    = "© 2018",
    author  = "MongoDB"
}

@misc {db5,
    title   = "Redis",
    urldate = "2018-04-02",
    url     = "https://redis.io/",
    author  = "Redis"
}

@misc {hosting1,
    title   = "IaaS vs. PaaS vs. SaaS Cloud Models (Differences \& Examples)",
    urldate = "2018-04-02",
    url     = "http://www.hostingadvice.com/how-to/iaas-vs-paas-vs-saas/",
    year    = "2017",
    author  = "Laura{\ }Bernheim"
}

@misc {hosting2,
    title   = "What is Cloud hosting? Difference between Cloud \& traditional hosting",
    urldate = "2018-04-02",
    url     = "http://blog.webspecia.com/web-hosting/cloud-hosting-difference-between-cloud-traditional-hosting",
    year    = "2016",
    author  = "Amir Nasir"
}

@misc {heroku1,
    title   = "Language Support",
    urldate = "2018-04-02",
    url     = "https://www.heroku.com/languages",
    year    = "© 2018",
    author  = "Heroku"
}

@misc {heroku2,
    title   = "Simple, flexible pricing",
    urldate = "2018-04-02",
    url     = "https://www.heroku.com/pricing",
    year    = "© 2018",
    author  = "Heroku"
}

@misc {heroku3,
    title   = "Regions",
    urldate = "2018-04-02",
    url     = "https://devcenter.heroku.com/articles/regions",
    year    = "© 2018",
    author  = "Heroku"
}

@misc {digitalocean1,
    title   = "Scalable compute services",
    urldate = "2018-04-02",
    url     = "https://www.digitalocean.com/products/droplets/",
    year    = "© 2018",
    author  = "DigitalOcean"
}

@misc {digitalocean2,
    title   = "Scalable compute services",
    urldate = "2018-04-02",
    url     = "http://www.webhostwhat.com/digitalocean-datacenter-server-locations-regions-map/",
    year    = "2017",
    author  = "Tim Base"
}

@misc {digitalocean3,
    title   = "Simple, predictable pricing",
    urldate = "2018-04-02",
    url     = "https://www.digitalocean.com/pricing/",
    year    = "© 2018",
    author  = "DigitalOcean"
}

@misc {openshift1,
    title   = "Technologies",
    urldate = "2018-04-02",
    url     = "https://www.openshift.com/features/technologies.html",
    author  = "Openshift"
}

@misc {openshift2,
    title   = "Plans \& Pricing",
    urldate = "2018-04-02",
    url     = "https://www.openshift.com/pricing/index.html",
    author  = "Openshift"
}

@misc {pythonanywhere1,
    title   = "Plans and pricing",
    urldate = "2018-04-02",
    url     = "https://www.pythonanywhere.com/pricing/",
    author  = "PythonAnyWhere"
}

@misc {pythonanywhere2,
    title   = "Databases available",
    urldate = "2018-04-02",
    url     = "https://help.pythonanywhere.com/pages/KindsOfDatabases",
    author  = "PythonAnyWhere"
}

@misc {pythonanywhere3,
    title   = "Forum: co-location",
    urldate = "2018-04-02",
    url     = "https://www.pythonanywhere.com/forums/topic/10927/",
    year    = "2017",
    author  = "Harry"
}

@misc {googleapp,
    title   = "Google App Engine",
    urldate = "2018-04-02",
    url     = "https://cloud.google.com/appengine/",
    author  = "Google"
}

@misc {aws1,
    title   = "Amazon EC2 Pricing",
    urldate = "2018-04-02",
    url     = "https://aws.amazon.com/ec2/pricing/",
    author  = "Amazon"
}

@misc {aws2,
    title   = "AWS Free Tier",
    urldate = "2018-04-02",
    url     = "https://aws.amazon.com/free/",
    author  = "Amazon"
}

@misc {rosti,
    title   = "Roští.cz - chytrý hosting",
    urldate = "2018-04-02",
    url     = "https://rosti.cz/",
    year    = "© 2012-2018",
    author  = "Roští.cz"
}

@misc {whitenoise,
    title   = "WhiteNoise 3.3.1 documentation",
    urldate = "2018-04-10",
    url     = "http://whitenoise.evans.io/en/stable/",
    year    = "© 2013-2017",
    author  = "Dave Evans"
}

@misc {travis-heroku,
    title   = "Heroku Deployment",
    urldate = "2018-04-10",
    url     = "https://docs.travis-ci.com/user/deployment/heroku/",
    year    = "2018",
    author  = "Travis{\ }CI"
}

@misc {django-checklist,
    title   = "Deployment checklist",
    urldate = "2018-04-10",
    url     = "https://docs.djangoproject.com/en/2.0/howto/deployment/checklist/",
    year    = "© 2005-2018",
    author  = "Django"
}

@misc {django-managepy,
    title   = "django-admin and manage.py",
    urldate = "2018-04-10",
    url     = "https://docs.djangoproject.com/en/2.0/ref/django-admin/",
    year    = "© 2005-2018",
    author  = "Django"
}

@misc {heroku-python,
    title   = "Deploying Python and Django Apps on Heroku",
    urldate = "2018-04-10",
    url     = "https://devcenter.heroku.com/articles/deploying-python",
    year    = "2018",
    author  = "Heroku"
}

@misc {mdn-django,
    title   = "Django Tutorial Part 11: Deploying Django to production",
    urldate = "2018-04-10",
    url     = "https://developer.mozilla.org/en-US/docs/Learn/Server-side/Django/Deployment",
    year    = "2018",
    author  = "MDN"
}

@misc {webpack-loader1,
    title   = "Using Webpack transparently with Django + hot reloading React components as a bonus",
    urldate = "2018-04-13",
    url     = "http://owaislone.org/blog/webpack-plus-reactjs-and-django/",
    year    = "2015",
    author  = "Owais Lone"
}

@misc {webpack-loader2,
    title   = "Modern Django: Part 1: Setting up Django and React",
    urldate = "2018-04-13",
    url     = "http://v1k45.com/blog/modern-django-part-1-setting-up-django-and-react/",
    year    = "2017",
    author  = "Vikas Yadav"
}

@misc {react-blog1,
    title   = "Update on Async Rendering",
    urldate = "2018-04-17",
    url     = "https://reactjs.org/blog/2018/03/27/update-on-async-rendering.html",
    year    = "2018",
    author  = "Brian Vaughn"
}

@misc {react-blog2,
    title   = "React v16.3.0: New lifecycles and context API",
    urldate = "2018-04-17",
    url     = "https://reactjs.org/blog/2018/03/29/react-v-16-3.html",
    year    = "2018",
    author  = "Brian Vaughn"
}

@misc {react-blog3,
    title   = "You Might Not Need Redux",
    urldate = "2018-04-17",
    url     = "https://medium.com/@dan_abramov/you-might-not-need-redux-be46360cf367",
    year    = "2016",
    author  = "Dan Abramov"
}

@misc {jwt1,
    title   = "Introduction to JSON Web Tokens",
    urldate = "2018-04-18",
    url     = "https://jwt.io/",
    author  = "JWT"
}

@misc {drf1,
    title   = "Authentication",
    urldate = "2018-04-18",
    url     = "http://www.django-rest-framework.org/api-guide/authentication/#json-web-token-authentication",
    year    = "2018",
    author  = "Django REST framework"
}

@misc {bezpecnost3,
    title   = "Introducing JSX",
    urldate = "2018-04-18",
    url     = "https://reactjs.org/docs/introducing-jsx.html",
    year    = "© 2018",
    author  = "React"
}

@misc {bezpecnost2,
    title   = "Bezpečnost webových stránek",
    urldate = "2018-04-18",
    url     = "http://jecas.cz/bezpecnost",
    year    = "2013",
    author  = "Bohumil Jahoda"
}

@misc {bezpecnost1,
    title   = "Security in Django",
    urldate = "2018-04-18",
    url     = "https://docs.djangoproject.com/en/2.0/topics/security/",
    year    = "© 2005-2018",
    author  = "Django"
}

@misc {react-docs1,
    title   = "Component State",
    urldate = "2018-04-23",
    url     = "https://reactjs.org/docs/faq-state.html",
    year    = "2018",
    author  = "Brian Vaughn"
}

@book{react-kniha,
  author    = {Michele Bertoli},
  title     = {React Design Patterns and Best Practices: Build easy to scale modular applications using the most powerful components and design patterns},
  publisher = {Packt Publishing},
  year      = {2017},
  address   = {Birmingham},
  ISBN      = {978-1-78646-453-8}
}

@misc {cra,
    title   = "Create React App",
    urldate = "2018-04-24",
    url     = "https://github.com/facebook/create-react-app",
    year    = "2018",
    author  = "Facebook"
}

@misc {webpack-bundle-tracker,
    title   = "webpack-bundle-tracker",
    urldate = "2018-04-24",
    url     = "https://github.com/owais/webpack-bundle-tracker",
    year    = "2018",
    author  = "Owais Lone"
}

@misc {django-webpack-loader,
    title   = "django-webpack-loader",
    urldate = "2018-04-24",
    url     = "https://github.com/owais/django-webpack-loader",
    year    = "2018",
    author  = "Owais Lone"
}

@misc {drf2,
    title   = "Home - Django REST framework",
    urldate = "2018-04-18",
    url     = "http://www.django-rest-framework.org/",
    year    = "2018",
    author  = "Django REST framework"
}

@misc {api-bestpractises,
    title   = "Best Practices for Designing a Pragmatic RESTful API",
    urldate = "2018-04-24",
    url     = "https://www.vinaysahni.com/best-practices-for-a-pragmatic-restful-api",
    author  = "Vinay Sahni"
}